@book{rang.etal2012rdp,
  author = {Rang, H. P. and Dale, M. M. and Ritter, J. M. and Flower, R. J. and Henderson, G.},
  year = {2012},
  title = {Rang and {Dale's} Pharmacology},
  edition = {7},
  address = {Edinburgh},
  publisher = {Elsevier Churchill Livingstone}}
@book{ou1972em,
  author = {{Open University}},
  year = {1972},
  title = {Electricity and Magnetism},
  address = {Bletchley},
  publisher = {Open University Press}}
@book{solomon.etal2019cbe,
  author = {Solomon, M. R. and Askegaard, S. and Hogg, M. and Bamossy, G. J.},
  year = {2019},
  title = {Consumer Behaviour: a {European} Perspective},
  edition = {7},
  address = {Harlow},
  publisher = {Pearson}}
@book{rothman.etal2008me,
  editor = {Kenneth J. Rothman and Sander Greenland and Timothy L. Lash},
  year = {2008},
  title = {Modern Epidemiology},
  edition = {3},
  address = {Philadelphia, Pa.},
  publisher = {Lippincott Williams \& Wilkins}}
@book{haynes2014crc,
  editor = {Haynes, W. M.},
  year = {2014},
  title = {{CRC} Handbook of Chemistry and Physics},
  titleaddon = {[Online]},
  edition = {94},
  address = {Boca Raton, Fla.},
  publisher = {CRC Press/Taylor and Francis},
  url = {http://www.hbcpnetbase.com},
  urldate = {16 June 2016}}
@book{blockley2021evs,
  author = {Blockley, D.},
  year = {2021},
  title = {Engineering: a Very Short Introduction},
  titleaddon = {[Online]},
  address = {Oxford},
  publisher = {Oxford University Press},
  url = {https://www.amazon.co.uk/kindle},
  urldate = {30 June 2021}}
@reference{bnf2020,
  year = {2020},
  title = {{British National Formulary}},
  edition = {79},
  address = {London},
  publisher = {Pharmaceutical Press}}
@inreference{aspirin2020bnf,
  title = {Aspirin},
  year = {2020},
  booktitle = {{British National Formulary}},
  edition = {79},
  address = {London},
  publisher = {Pharmaceutical Press}}
@inreference{aspirin2019bnf,
  title = {Aspirin},
  titleaddon = {[Online]},
  year = {2019},
  booktitle = {{British National Formulary}},
  address = {London},
  publisher = {Pharmaceutical Press},
  url = {https://www.medicinescomplete.com/\#/content/bnf/_456850132},
  urldate = {26 November 2019}}
@incollection{burchard1965hhl,
  author = {Burchard, J. E.},
  year = {1965},
  title = {How Humanists use a Library},
  editor = {C. F. J. Overhage and J. R. Harman},
  booktitle = {Intrex: report on a planning conference and information transfer experiments},
  address = {Cambridge, Mass.},
  publisher = {MIT Press},
  pages = {41-87}}
@incollection{reid1967ptp,
  author = {D. R. Reid},
  year = {1967},
  title = {Physical Testing of Polymer Films},
  editor = {S. H. Pinner},
  booktitle = {Modern Packaging Films},
  address = {London},
  publisher = {Butterworths},
  pages = {143-183}}
@article{stieg1981cer,
  author = {Stieg, M. F.},
  year = {1981},
  title = {Continuing Education and the Reference Librarian in the Academic and Research Library},
  journal = {Library Journal},
  volume = {105},
  number ={22},
  pages = {2547-2551}}
@article{stieg1981inh,
  author = {Stieg, M. F.},
  year = {1981},
  title = {The Information Needs of Historians},
  journal = {College and Research Libraries},
  volume = {42},
  number ={6},
  pages = {549-560}}
@article{newman2010mcb,
  author = {Newman, R.},
  year = {2010},
  title = {Malaria control beyond 2010},
  journal = {{Brit.\@ Med.\@ J.}},
  volume = {341},
  number = {7765},
  pages = {157-208}}
@article{wetzstein.etal2020iai,
  author = {Wetzstein, G. and Ozcan, A. and Gigan, S. and Fan, S. and
    Englund, D. and Soljacic, M. and Denz, C. and Miller, D. A. B. and
    Psaltis, D.},
  year = {2020},
  title = {Inference in Artificial Intelligence with Deep Optics and Photonics},
  journal = {Nature},
  volume = {588},
  number = {7836},
  pages = {39-47}}
@article{devlin.etal2021ipp,
  author = {Devlin, S. M. and Martin, A. and Ostrovnaya, I.},
  year = {2021},
  title = {Identifying Prognostic Pairwise Relationships Among Bacterial
    Species in Microbiome Studies},
  journal = {{PLOS Computational Biology} \textup{[Online]}},
  volume = {17},
  number = {11},
  url = {https://journals.plos.org/ploscompbiol/article?id=10.1371/journal.pcbi.1009501},
  urldate = {9 December 2021}}
@article{steward.etal2020eys,
  author = {Steward, S. and Connelly, D. and Robinson, J.},
  year = {2020},
  title = {Everything You Should Know About the Coronavirus Outbreak},
  journal = {The Pharmaceutical Journal \textup{[Online]}},
  url = {https://www.pharmaceutical-journal.com/news-and-analysis/features/everything-you-should-know-about-the-coronavirus-outbreak/20207629.article},
  urldate = {30 April 2020}}
@article{liontou.etal2019dra,
  author = {Liontou, C. and Kontopodis, E. and Oikonomidis, N. and Maniotis, C. and
    Tassopoulos, A. and Tsiafoutis, I. and Lazaris, E. and Koutouzis, M.},
  year = {2019},
  title = {Distal Radial Access: a Review Article},
  journal = {Cardiovascular revascularization medicine \textup{[Online]}},
  volume = {in press},
  url = {https://www.sciencedirect.com/science/article/pii/S1553838919303367},
  urldate = {19 June 2019}}
@techreport{shah.corrick2016hsc,
  author = {Shah, I. and Corrick, I.},
  year = {2016},
  title = {How should central banks respond to non-neutral inflation expectations?},
  address = {Bath},
  institution = {University of Bath},
  note = {\emph{OPUS} [Online]},
  url = {http://opus.bath.ac.uk},
  urldate = {4 May 2016}}
@techreport{ganju2021sed,
  author = {Ganju, V.},
  year = {2021},
  title = {A study of {EnGeneIC} {Dream} {Vectors} {(EDV's)} packaged with the chemotherapy,
    {E-EDV-D682} given simultaneously as non-targeted {EDVs} carrying an immune enhancer
    called {EDV-GC}, in participants with advanced pancreatic and other cancers whose disease
    has progressed after one or two treatment regimes, or where other standard therapies are
    not appropriate},
  address = {Sydney},
  institution = {University of Sydney},
  note = {\emph{Australian and New Zealand Clinical Trials Registry} [Online]},
  url = {http://www.anzctr.org.au/Trial/Registration/TrialReview.aspx?id=365258},
  urldate = {29 April 2021}}
@article{haurant2004bbh,
  author = {Haurant, S.},
  year = {2004},
  title = {Britain's Borrowing Hits \pounds 1 Trillion},
  journal = {The {Guardian}},
  month = {{29 July}},
  pages = {16c}}
@article{independent1992pub,
  author = {{The Independent}},
  year = {1992},
  title = {Picking Up the Bills},
  journal = {The {Independent}},
  month = {{4 June}},
  pages = {28a}}
@article{cogley2020ccs,
  author = {Cogley, M.},
  year = {2020},
  title = {Corporate Confidence Slumps to Record Low},
  journal = {{The Telegraph} \textup{[Online]}},
  volume = {4 May},
  url = {https://www.telegraph.co.uk/business/2020/05/03/corporate-confidence-slumps-all-time-low/},
  urldate = {5 May 2020}}
@inproceedings{crawford1965oim,
  author = {Crawford, G. I.},
  year = {1965},
  title = {Oxygen in Metals},
  editor = {J. M. A. Lenihan and S. J. Thompson},
  booktitle = {Activation Analysis: Proceedings of a {NATO} {Advanced} {Study} {Institute}},
  venue = {2--4 August 1964, Glasgow},
  address = {London},
  publisher = {Academic Press},
  pages = {113-118}}
@inproceedings{soper1972rbc,
  author = {Soper, D.},
  year = {1972},
  title = {Review of Bracken Control Experiments with Asulam},
  booktitle = {Proceedings of the 11th {British} {Weed} {Control} {Conference}},
  venue = {15--17 November 1972, Brighton},
  address = {Brighton},
  publisher = {University of Sussex},
  pages = {24-31}}
@mastersthesis{burrell1973ist,
  author = {Burrell, J. G.},
  year = {1973},
  title = {The Importance of School Tours in Education},
  type = {Thesis ({M.A.})},
  school = {Queen's University, Belfast}}
@techreport{unesco1993gip,
  author = {{UNESCO}},
  year = {1993},
  title = {General Information Programme and {UNISIST}},
  address = {Paris},
  institution = {UNESCO},
  number = {PGI-93/WS/22}}
@techreport{bre2007dqb,
  author = {{BRE}},
  year = {2007},
  title = {Designing Quality Buildings: a {BRE} Guide},
  address = {Bracknell},
  institution = {BRE},
  type = {Report},
  number = {497}}
@techreport{deneulin.dinerstein2010hms,
  author = {Deneulin, S. and Dinerstein, A. C.},
  year = {2010},
  title = {Hope Movements: Social Movements in the Pursuit of Human Development},
  address = {Bath},
  institution = {University of Bath},
  number = {Bath papers in international development and wellbeing, no.~8}}
@manual{bs5605:1990,
  author = {{BSI}},
  year = {1990},
  title = {{BS}~5605:1990 {Recommendations} for Citing and Referencing Published Material},
  address = {London},
  organization = {BSI}}
@manual{astm.d1655,
  author = {{ASTM}},
  year = {2019},
  title = {{ASTM~D1655} - 19 {Standard} Specification for Aviation Turbine Fuels},
  address = {West Conshohocken, Pa.},
  organization = {ASTM}}
@manual{pm1981opa,
  author = {{Phillipp Morris Inc.}},
  year = {1981},
  title = {Optical perforating apparatus and system},
  series = {European patent application},
  number = {0021165A1. 1981-01-07}}
@unpublished{harris2013fgr,
  author = {Harris, G.},
  year = {2013},
  title = {Focus group recommendations: internal task group report}}
@unpublished{hadley2015bir,
  author = {Hadley, S.},
  year = {2015},
  title = {Biomechanics: introductory reading, {BM289}: sport biomechanics},
  howpublished = {University of Bath}}
@unpublished{thomas2015wcr,
  author = {Thomas, D.},
  year = {2015},
  title = {Word count and referencing style},
  booktitle = {Frequently asked questions discussion board: {PHYS} 2011: housing studies},
  howpublished = {University of Bath}}
@manual{nasa2015nat,
  author = {{NASA}},
  year = {2015},
  title = {{NASA} Astronaut {Tim} {Kopra} on {Dec.\@} 21 Spacewalk},
  titleaddon = {[Online]},
  address = {Washington},
  organization = {NASA},
  url = {http://www.nasa.gov/image-feature/nasa-astronaut-tim-kopra-on-dec-21-spacewalk},
  urldate = {7 January 2015}}
@manual{iliff2006rcb,
  author = {D. Iliff},
  year = {2006},
  title = {{Royal} {Crescent} in {Bath,} {England} - {July} 2006},
  titleaddon = {[Online]},
  address = {San Francisco},
  organization = {Wikimedia Foundation},
  url = {https://commons.wikimedia.org/wiki/File:Royal_Crescent_in_Bath,_England_-_July_2006.jpg},
  urldate = {7 January 2016}}
@manual{brbr1965gph,
  author = {{Bristol Region Building Record}},
  year = {1965},
  title = {{Green} {Park} {House} (since demolished), viewed from southwest},
  titleaddon = {[Photograph]},
  note = {BRBR, D/877/1},
  organization = {Archives \& Research Collections, University of Bath Library}}
@book{andrews.dury1773wilts,
  author = {Andrews, J. and Dury, A.},
  year = {1773},
  title = {Map of {Wiltshire}},
  series = {1 inch to 2 miles},
  address = {Devizes},
  publisher = {Wiltshire Record Society}}
@book{os2020bath,
  author = {{Ordnance Survey}},
  year = {2020},
  title = {Street view map of {University of Bath}},
  titleaddon = {[Online]},
  series = {1:5000, {OS VectorMap® Local}},
  url = {https://digimap.edina.ac.uk/roam/map/os},
  urldate = {30 April 2020}}
@book{google2020harbourside,
  author = {{Google}},
  year = {2020},
  title = {{Harbourside, Bristol}},
  titleaddon = {[Online]},
  series = {{Google Maps}},
  url = {https://www.google.co.uk/maps/place/Harbourside,+Bristol/},
  urldate = {30 April 2020}}
@booklet{macbeth1948,
  year = {1948},
  title = {Macbeth},
  howpublished = {Film. Directed by Orson Welles. USA: Republic Pictures}}
@booklet{elephant-man1980,
  year = {1980},
  title = {The elephant man},
  titleaddon = {[Online]},
  howpublished = {Film. Directed by David Lynch. USA: Brooksfilms},
  note = {Available from: BBC iPlayer [Accessed 4 May 2021]}}
@manual{moran2016sol,
  author = {Moran, C.},
  year = {2016},
  title = {Save Our Libraries},
  titleaddon = {[Online]},
  url = {https://www.youtube.com/watch?v=gKTfCz4JtVE&feature=youtu.be},
  urldate = {29 April 2016}}
@manual{chakrabarti2016hac,
  author = {Chakrabarti, V.},
  year = {2016},
  title = {How Architecture and City Planning Can Combat Social Inequality},
  titleaddon = {[Online]},
  url = {https://www.curbed.com/2016/5/5/11593058/vishaan-chakrabarti-pau-curbed-appeal-podcast},
  urlyear = {28 March 2019}}
@misc{inn2021huw,
  year = {2021},
  title = {Hurry up and wait},
  howpublished = {\emph{Inside no.9}, \emph{Episode 6:4}. TV. BBC2, 31 May.
    21.30 hrs}}
@misc{rsfo2006ep5,
  year = {2006},
  title = {Rick {Stein's} {French} Odyssey: {Episode} 5},
  howpublished = {TV. BBC2, 23 August. 20.30 hrs}}
@misc{archers20060823,
  year = {2006},
  title = {The {Archers}},
  howpublished = {Radio. BBC Radio 4, 23 August. 19.02 hrs}}
@misc{tkmmm2020ts,
  year = {2020},
  title = {The Secret},
  howpublished = {\emph{Tiger king: murder, mayhem and madness}, \emph{Episode 3}
    [Online]. TV},
  note = {Available from: Netflix [Accessed 4 May 2021]}}
@book{beethoven1950symph1,
  author = {Ludwig van Beethoven},
  year = {1950},
  title = {Symphony no.1 in {C,} {Op.21}},
  address = {Harmondsworth},
  publisher = {Penguin}}
@manual{who2018ttc,
  author = {{World Health Organization}},
  year = {2018},
  title = {The Top 10 Causes of Death},
  titleaddon = {[Online]},
  address = {Geneva},
  organization = {World Health Organization},
  url = {https://www.who.int/news-room/fact-sheets/detail/the-top-10-causes-of-death},
  urldate = {29 June 2020}}
@manual{manco2013va,
  author = {Manco, J.},
  year = {2013},
  title = {Vernacular Architecture},
  titleaddon = {[Online]},
  url = {https://www.buildinghistory.org/style/vernacular.shtml},
  urldate = {20 February 2020}}
@manual{gaiman2021fbp,
  author = {Gaiman, N.},
  year = {2021},
  title = {Facebook post},
  titleaddon = {[Online]},
  month = {21 April},
  url = {https://www.facebook.com/neilgaiman/posts/305187897642814},
  urldate = {13 May 2021}}
@manual{ublib2021tp,
  author = {{Library at University of Bath [@bathunilibrary]}},
  year = {2021},
  title = {Twitter post},
  titleaddon = {[Online]},
  month = {10 May},
  url = {https://twitter.com/BathUniLibrary/status/1391774402618998795?s=20},
  urldate = {12 May 2021}}
@manual{ublib2021ip,
  author = {{University of Bath Library [@unibathlib]}},
  year = {2021},
  title = {Instagram post},
  titleaddon = {[Online]},
  month = {15 March},
  url = {https://www.instagram.com/p/CMb5GHjFv9A/?utm_source=ig_web_copy_link},
  urlyear = {7 May 2021}}
@article{clark2004euk,
  author = {Clark, T.},
  year = {5 July 2004},
  title = {A {European} {UK} {Libraries} {Plus}?},
  journal = {Lis-link \textup{[Online]}},
  url = {lis-link@jiscmail.ac.uk},
  urldate = {30 July 2004}}
@manual{bvd2008bt,
  author = {{Bureau van Dijk}},
  year = {2008},
  title = {{BT} {Group} PLC Company Report},
  series = {\emph{FAME} {[Online]}},
  address = {London},
  organization = {Bureau van Dijk},
  url = {http://www.portal.euromonitor.com},
  urldate = {6 November 2014}}
@manual{wilson2013rgc,
  author = {Wilson, D.},
  year = {2013},
  title = {Real Geometry and Connectedness via Triangular Description: {CAD} Example Bank},
  titleaddon = {[Online]},
  address = {Bath},
  organization = {University of Bath},
  doi = {10.15125/BATH-00069},
  urldate = {20 April 2016}}
@manual{screencasto,
  author = {@screencasto},
  year = {n.d.},
  title = {{Screencast-O-Matic}},
  titleaddon = {(v.2) [computer program]},
  url = {https://screencast-o-matic.com/},
  urldate = {16 May 2016}}
@book{aristotle2007ne,
  author = {Aristotle},
  year = {2007},
  title = {Nicomachean Ethics},
  titleaddon = {(W.D. Ross, Trans.)},
  address = {South Dakota},
  publisher = {NuVisions}}
@book{esquivel2003cap,
  author = {Esquivel, L.},
  year = {2003},
  title = {Como Agua para Chocolate},
  titleaddon = {[Like water for chocolate]},
  address = {Barcelona},
  publisher = {Debolsillo}}
@article{thurfjell1975vhv,
  author = {Thurfjell, W.},
  year = {1975},
  title = {Vart har våran doktor tagit vägen?},
  titleaddon = {[Where has our doctor gone?]},
  journal = {Läkartidningen},
  volume = {72},
  pages = {789}}
@article{hua1999qys1,
  author = {Linfu \noop{h}華林甫 Hua},
  year = {1999},
  title = {Qingdai yilai {Sanxia} diqu shuihan zaihai de chubu yanjiu
    {清代以來三峽地區水旱災害的初步硏}},
  titleaddon = {[A preliminary study of floods and droughts in the {Three} {Gorges} region since
    the {Qing} dynasty]},
  journal = {Zhongguo shehui kexue \emph{中國社會科學}},
  volume = {1},
  pages = {168-79}}
@article{hua1999qys2,
  author = {Hua, Linfu},
  year = {1999},
  title = {Qingdai yilai {Sanxia} diqu shuihan zaihai de chubu yanjiu},
  titleaddon = {[A preliminary study of floods and droughts in the {Three} {Gorges} region since
    the {Qing} dynasty]},
  journal = {Zhongguo shehui kexue},
  volume = {1},
  pages = {168-79}}
@book{pamporov2006rvb,
  author = {Pamporov, A.},
  year = {2006},
  title = {Romskoto vsekidnevie v {Balgariya}},
  titleaddon = {[Roma everyday life in Bulgaria]},
  address = {Veliko Tarnovo},
  publisher = {Faber}}
@techreport{gb.hc2003/04-30,
  author = {{Great Britain. Parliament. House of Commons}},
  year = {2004},
  title = {National {Savings} Investment Deposits: account 2002--2003},
  address = {London},
  publisher = {National Audit Office},
  type = {{HC}},
  number = {2003/04, 30}}
@techreport{gb.hl1986/87-66,
  author = {{Great Britain. Parliament. House of Lords}},
  year = {1987},
  title = {Social Fund (Maternity and Funeral Expenses) Bill},
  address = {London},
  publisher = {HMSO},
  type = {{HL}},
  number = {1986/87, (66)}}
@techreport{gb.cm6041,
  author = {{Great Britain. Ministry of Defence}},
  year = {2004},
  title = {Delivering Security in a Changing World{:} Defence White Paper},
  address = {London},
  publisher = {TSO},
  type = {{Cm.}},
  number = {6041}}
@techreport{gb.bill1987/88-66,
  author = {{Great Britain. Parliament. House of Commons}},
  year = {1988},
  title = {Local Government Finance Bill},
  address = {London},
  publisher = {HMSO},
  type = {{Bills |}},
  number = {1987/88, 66}}
@book{gb.wa1735,
  key = {Witchcraft Act 1735},
  title = {Witchcraft {Act} 1735},
  titleaddon = {(9 Geo.2, c.5)}}
@book{gb.pa2014,
  key = {Pensions Act 2014},
  title = {Pensions {Act} 2014},
  number = {c.19},
  address = {London},
  publisher = {TSO}}
@book{gb.hmr2012,
  title = {The {Human} {Medicines} {Regulations} 2012},
  titleaddon = {[Online]},
  number = {No.1916},
  address = {United Kingdom},
  publisher = {HMSO},
  url = {http://www.legislation.gov.uk/uksi/2012/1916/pdfs/uksi_20121916_en.pdf},
  urldate = {17 April 2016},
  keywords = {uksi}}
@techreport{ec2015gra,
  author = {{European Commission}},
  year = {2015},
  title = {General Report on the Activities of the {European} {Union} 2014},
  address = {Luxembourg},
  publisher = {Publications Office of the European Union}}
@misc{eu.dir1984/2003,
  title = {Council {Regulation} ({EC}) 1984/2003 of 8 {April} 2003 Introducing a System for
    the Statistical Monitoring of Trade in Bluefin Tuna, Swordfish and Big Eye Tuna within
    the {Community}},
  titleaddon = {[2003] \emph{OJ} L295}}
@report{seldon-v-c.w.j2012,
  title = {Seldon v.~{Clarkson} {Wright} \& {Jakes}},
  note = {[2012]. UKSC 16}}
@report{srl.etal-v-comm2005,
  title = {Alessandrini {Srl} and others v.~{Commission}},
  titleaddon = {(C-295/03 P) [2005] ECR I--5700}}
@book{adams2009tc1,
  author = {Adams, Gomez},
  year = {2009},
  title = {Test Citation One},
  address = {London},
  publisher = {Imperial College Bookstall}}
@book{adams2014tc2,
  author = {Adams, Gomez},
  year = {2014},
  title = {Test Citation Two},
  address = {Oxford},
  publisher = {Oxford University Press}}
@book{adams2017tc3,
  author = {Adams, Gomez},
  year = {2017},
  title = {Test Citation Three},
  address = {Cambridge},
  publisher = {Cambridge University Press}}
