@misc{highway-env,
  author = {Leurent, Edouard},
  title = {An Environment for Autonomous Driving Decision-Making},
  year = {2018},
  publisher = {GitHub},
  journal = {GitHub repository},
  howpublished = {\url{https://github.com/eleurent/highway-env}},
}

@article{stable-baselines3,
  author  = {Antonin Raffin and Ashley Hill and Adam Gleave and Anssi Kanervisto and Maximilian Ernestus and Noah Dormann},
  title   = {Stable-Baselines3: Reliable Reinforcement Learning Implementations},
  journal = {Journal of Machine Learning Research},
  year    = {2021},
  volume  = {22},
  number  = {268},
  pages   = {1-8},
  url     = {http://jmlr.org/papers/v22/20-1364.html}
}

@article{mnih2015humanlevel,
  added-at = {2023-05-11T14:23:41.000+0200},
  author = {Mnih, Volodymyr and Kavukcuoglu, Koray and Silver, David and Rusu, Andrei A. and Veness, Joel and Bellemare, Marc G. and Graves, Alex and Riedmiller, Martin and Fidjeland, Andreas K. and Ostrovski, Georg and Petersen, Stig and Beattie, Charles and Sadik, Amir and Antonoglou, Ioannis and King, Helen and Kumaran, Dharshan and Wierstra, Daan and Legg, Shane and Hassabis, Demis},
  biburl = {https://www.bibsonomy.org/bibtex/2fb15f4471c81dc2b9edf2304cb2f7083/csl_uth},
  description = {Human-level control through deep reinforcement learning - nature14236.pdf},
  interhash = {eac59980357d99db87b341b61ef6645f},
  intrahash = {fb15f4471c81dc2b9edf2304cb2f7083},
  issn = {00280836},
  journal = {Nature},
  keywords = {ML Reinforcement_Learning},
  month = feb,
  number = 7540,
  pages = {529--533},
  publisher = {Nature Publishing Group, a division of Macmillan Publishers Limited. All Rights Reserved.},
  timestamp = {2023-05-17T09:30:10.000+0200},
  title = {Human-level control through deep reinforcement learning},
  url = {http://dx.doi.org/10.1038/nature14236},
  volume = 518,
  year = 2015
}


@misc{leurent2019social,
      title={Social Attention for Autonomous Decision-Making in Dense Traffic}, 
      author={Edouard Leurent and Jean Mercat},
      year={2019},
      eprint={1911.12250},
      archivePrefix={arXiv},
      primaryClass={cs.LG}
}

@ARTICLE{7339478,
  author={González, David and Pérez, Joshué and Milanés, Vicente and Nashashibi, Fawzi},
  journal={IEEE Transactions on Intelligent Transportation Systems}, 
  title={A Review of Motion Planning Techniques for Automated Vehicles}, 
  year={2016},
  volume={17},
  number={4},
  pages={1135-1145},
  keywords={Vehicles;Planning;Robots;Lattices;Path planning;Vehicle dynamics;Motion planning;automated vehicles;path planning;intelligent transportation systems;Motion planning;automated vehicles;path planning;intelligent transportation systems},
  doi={10.1109/TITS.2015.2498841}
}


@article{DBLP:journals/corr/HasseltGS15,
  author       = {Hado van Hasselt and Arthur Guez and David Silver},
  title        = {Deep Reinforcement Learning with Double Q-learning},
  journal      = {CoRR},
  volume       = {abs/1509.06461},
  year         = {2015},
  url          = {http://arxiv.org/abs/1509.06461},
  eprinttype    = {arXiv},
  eprint       = {1509.06461},
  timestamp    = {Mon, 13 Aug 2018 16:47:32 +0200},
  biburl       = {https://dblp.org/rec/journals/corr/HasseltGS15.bib},
  bibsource    = {dblp computer science bibliography, https://dblp.org}
}

@INPROCEEDINGS{8500630,
  author={Zhang, Yi and Sun, Ping and Yin, Yuhan and Lin, Lin and Wang, Xuesong},
  booktitle={2018 IEEE Intelligent Vehicles Symposium (IV)}, 
  title={Human-like Autonomous Vehicle Speed Control by Deep Reinforcement Learning with Double Q-Learning}, 
  year={2018},
  volume={},
  number={},
  pages={1251-1256},
  keywords={Roads;Automobiles;Machine learning;Sensors;Data models;Approximation algorithms;Autonomous vehicles;Autonomous Driving;Deep Reinforcement learning;Double Q-learning;Naturalistic Driving Data},
  doi={10.1109/IVS.2018.8500630}
}

@ARTICLE{9664628,
  author={Wang, Junjie and Zhang, Qichao and Zhao, Dongbin},
  journal={IEEE/CAA Journal of Automatica Sinica}, 
  title={Highway Lane Change Decision-Making via Attention-Based Deep Reinforcement Learning}, 
  year={2022},
  volume={9},
  number={3},
  pages={567-569},
  keywords={},
  doi={10.1109/JAS.2021.1004395}
}

@inproceedings{optuna_2019,
    title={Optuna: A Next-generation Hyperparameter Optimization Framework},
    author={Akiba, Takuya and Sano, Shotaro and Yanase, Toshihiko and Ohta, Takeru and Koyama, Masanori},
    booktitle={Proceedings of the 25th {ACM} {SIGKDD} International Conference on Knowledge Discovery and Data Mining},
    year={2019}
}

